<?xml version="1.0" encoding="UTF-8"?><collection xmlns="http://www.loc.gov/MARC21/slim"><record><leader>00457nam--2200169-u-4500</leader><controlfield tag="001">000052232</controlfield><controlfield tag="002">20161230</controlfield><controlfield tag="005">20161230201050</controlfield><controlfield tag="008">100528s1000------------r-----000-0-rum-d</controlfield><datafield ind1=" " ind2=" " tag="040"><subfield code="a">IFIN-HH</subfield></datafield><datafield ind1=" " ind2=" " tag="041"><subfield code="a">rum</subfield></datafield><datafield ind1="1" ind2=" " tag="100"><subfield code="a">Valcovici, Victor</subfield></datafield><datafield ind1="1" ind2="0" tag="245"><subfield code="a">Mecanica Teoretica</subfield><subfield code="c">Victor Valcovici, Stefan Balan, Radu Voinea (Ed.)</subfield></datafield><datafield ind1=" " ind2=" " tag="260"><subfield code="a">Bucuresti,</subfield><subfield code="b">Editura Tehnica,</subfield><subfield code="c">1959</subfield></datafield><datafield ind1="1" ind2=" " tag="700"><subfield code="a">Voinea, Radu</subfield></datafield><datafield ind1=" " ind2=" " tag="852"><subfield code="a">6030</subfield><subfield code="c">531</subfield></datafield><datafield ind1=" " ind2=" " tag="CAT"><subfield code="a">Sys</subfield><subfield code="c">20100621</subfield><subfield code="h">144752</subfield></datafield></record></collection>